@book{Homma2002,
  title     = {数値電磁力学：基礎と応用},
  isbn      = {978-4-627-71641-4},
  publisher = {森北出版},
  author    = {Honma, Toshihisa and Igarashi, Hajime and Kawaguchi, Hideki},
  year      = {2002}
}
