@book{Chihara2011,
  address      = {Mineola, N.Y},
  edition      = {Dover ed},
  series       = {Dover books on mathematics},
  title        = {An Introduction to Orthogonal Polynomials},
  isbn         = {978-0-486-47929-3},
  callnumber   = {QA404.5 .C44 2011},
  publisher    = {Dover Publications},
  author       = {Chihara, Theodore S.},
  note         = {(Original work published 1978)},
  year         = {2011},
  collection   = {Dover books on mathematics}
}
